@misc{NS,
      title={On topological cyclic homology}, 
      author={Thomas Nikolaus and Peter Scholze},
      year={2018},
      eprint={1707.01799},
      archivePrefix={arXiv},
      primaryClass={math.AT}
}	
	
@article{lurie2018elliptic,
  title={Elliptic cohomology II: orientations},
  author={Lurie, Jacob},
  journal={preprint available from the author’s website},
  url={https://www.math.ias.edu/~lurie/papers/Elliptic-II.pdf},
  year={2018}
}

@book{SerreLocal,
  title={Local Fields},
  author={Serre, Jean Pierre},
  isbn={9780387904245},
  lccn={lc79012643},
  series={Graduate Texts in Mathematics},
  year={1995},
  publisher={Springer New York}
}

@misc{stacks-project,
    shorthand    = {Stacks},
    author       = {The {Stacks Project Authors}},
    title        = {\textit{Stacks Project}},
    howpublished = {\url{https://stacks.math.columbia.edu}},
    year         = {2018},
  }
  
@Book{HigherToposTheory,
 Author = {Lurie, Jacob},
 Title = {{Higher topos theory}},
 FJournal = {{Annals of Mathematics Studies}},
 Journal = {{Ann. Math. Stud.}},
 Volume = {170},
 ISBN = {978-0-691-14049-0},
 Pages = {xv + 925},
 Year = {2009},
 Publisher = {Princeton, NJ: Princeton University Press},
 MSC2010 = {18-02 18B25 18G30 18G55 18F20},
}

@article{lurie2017higher,
  Author={Lurie, Jacob},
  title={Higher algebra.},
  journal={preprint available from the author’s website},
  url             = {https://www.math.ias.edu/~lurie/papers/HA.pdf},
  year={2017}
}
@article{SAG,
  Author={Lurie, Jacob},
  title={Spectral Algebraic Geometry.},
  journal={preprint available from the author’s website},
  url             = {https://www.math.ias.edu/~lurie/papers/SAG-rootfile.pdf},
  year={2018}
}


@InCollection{Richterdividedpower,
 Author = {Birgit {Richter}},
 Title = {{Divided power structures and chain complexes}},
 BookTitle = {{Alpine perspectives on algebraic topology. Third Arolla conference on algebraic topology, Arolla, Switzerland, August 18--24, 2008}},
 ISBN = {978-0-8218-4839-5},
 Pages = {237--254},
 Year = {2009},
 Publisher = {Providence, RI: American Mathematical Society (AMS)},
 MSC2010 = {18G30 18G35 18D10},
 Zbl = {1187.18010}
}

@Article{LMTHHofnumberrings,
 Author = {Ayelet {Lindenstrauss} and Ib {Madsen}},
 Title = {{Topological Hochschild homology of number rings}},
 FJournal = {{Transactions of the American Mathematical Society}},
 Journal = {{Trans. Am. Math. Soc.}},
 ISSN = {0002-9947; 1088-6850/e},
 Volume = {352},
 Number = {5},
 Pages = {2179--2204},
 Year = {2000},
 Publisher = {American Mathematical Society (AMS), Providence, RI},
 MSC2010 = {19D55 13D03 19D50 55Q52},
 Zbl = {0949.19003}
}

@misc{KN,
      title={B\"okstedt periodicity and quotients of DVRs}, 
      author={Achim Krause and Thomas Nikolaus},
      year={2019},
      eprint={1907.03477},
      archivePrefix={arXiv},
      primaryClass={math.AT}
}
@article {HMWV,
    AUTHOR = {Hesselholt, Lars and Madsen, Ib},
     TITLE = {On the {$K$}-theory of finite algebras over {W}itt vectors of
              perfect fields},
   JOURNAL = {Topology},
  FJOURNAL = {Topology. An International Journal of Mathematics},
    VOLUME = {36},
      YEAR = {1997},
    NUMBER = {1},
     PAGES = {29--101},
      ISSN = {0040-9383},
   MRCLASS = {19D55 (16E40 55P91)},
  MRNUMBER = {1410465},
MRREVIEWER = {Charles Weibel},
       DOI = {10.1016/0040-9383(96)00003-1},
       URL = {https://doi.org/10.1016/0040-9383(96)00003-1},
}

@article {HMlocalfields,
    AUTHOR = {Hesselholt, Lars and Madsen, Ib},
     TITLE = {On the {$K$}-theory of local fields},
   JOURNAL = {Ann. of Math. (2)},
  FJOURNAL = {Annals of Mathematics. Second Series},
    VOLUME = {158},
      YEAR = {2003},
    NUMBER = {1},
     PAGES = {1--113},
      ISSN = {0003-486X},
   MRCLASS = {19D50 (11S70 13K05 19D55 19F05 55P91)},
  MRNUMBER = {1998478},
MRREVIEWER = {J. P. C. Greenlees},
       DOI = {10.4007/annals.2003.158.1},
      
}

@article {BMS2,
    AUTHOR = {Bhatt, Bhargav and Morrow, Matthew and Scholze, Peter},
     TITLE = {Topological {H}ochschild homology and integral {$p$}-adic
              {H}odge theory},
   JOURNAL = {Publ. Math. Inst. Hautes \'{E}tudes Sci.},
  FJOURNAL = {Publications Math\'{e}matiques. Institut de Hautes \'{E}tudes
              Scientifiques},
    VOLUME = {129},
      YEAR = {2019},
     PAGES = {199--310},
      ISSN = {0073-8301},
   MRCLASS = {14F30 (13A35)},
  MRNUMBER = {3949030},
MRREVIEWER = {Lance Edward Miller},
       DOI = {10.1007/s10240-019-00106-9},
       URL = {https://doi.org/10.1007/s10240-019-00106-9},
}

@incollection{Grothshortcourse,
  title={A short course on {$\infty$}-categories},
  author={Groth, Moritz},
  booktitle={Handbook of Homotopy Theory},
  pages={549--617},
  year={2020},
  publisher={Chapman and Hall/CRC}
}

@article{Gepnerintroductionhigher,
  title={An introduction to higher categorical algebra},
  author={Gepner, David},
  journal={Handbook of Homotopy Theory},
  pages={487},
  year={2020},
  publisher={CRC Press}
}

@article{camarena2013whirlwind,
  title={A whirlwind tour of the world of ({$\infty$}, 1)-categories},
  author={Camarena, Omar Antol{\i}n},
  journal={Mexican mathematicians abroad: recent contributions},
  pages={15--61},
  year={2013}
}

@misc{kerodon,
    title        = {Kerodon},
    author       = {Jacob Lurie},
    howpublished = {\url{https://kerodon.net}},
    year         = {2018},
  }

@article{riehl2018elements,
  title={Elements of {$\infty$}-category theory},
  author={Riehl, Emily and Verity, Dominic},
  journal={Preprint available at www.math.jhu.edu/\~{}eriehl/elements.pdf},
  year={2021}
}

@book{barnesroitzheim,
  title={Foundations of Stable Homotopy Theory},
  author={Barnes, David and Roitzheim, Constanze},
  volume={185},
  year={2020},
  publisher={Cambridge University Press}
}

@book{weibel1994introduction,
  title={An introduction to homological algebra},
  author={Weibel, Charles A},
  number={38},
  year={1994},
  publisher={Cambridge university press}
}
